<record><leader>00000cas a22000007a 4500</leader><controlfield tag="001">13978517</controlfield><controlfield tag="008">860729d18991uuutxudn ne      0    0eng d</controlfield><datafield ind1=" " ind2=" " tag="010"><subfield code="a">sn 86088180 </subfield></datafield><datafield ind1=" " ind2=" " tag="040"><subfield code="a">PPM</subfield><subfield code="b">eng</subfield><subfield code="c">PPM</subfield><subfield code="d">OCLCQ</subfield></datafield><datafield ind1=" " ind2=" " tag="042"><subfield code="a">msc</subfield></datafield><datafield ind1="0" ind2="4" tag="245"><subfield code="a">The Daily Amarillo journal.</subfield></datafield><datafield ind1="1" ind2="3" tag="246"><subfield code="a">Amarillo journal</subfield></datafield><datafield ind1=" " ind2=" " tag="260"><subfield code="a">Amarillo, Tex. :</subfield><subfield code="b">Journal Pub. Co.</subfield></datafield><datafield ind1=" " ind2=" " tag="300"><subfield code="a">v. ;</subfield><subfield code="c">39 cm.</subfield></datafield><datafield ind1=" " ind2=" " tag="310"><subfield code="a">Daily (except Mon.)</subfield></datafield><datafield ind1="1" ind2=" " tag="362"><subfield code="a">Began in 1899.</subfield></datafield><datafield ind1=" " ind2=" " tag="588"><subfield code="a">Description based on: First year, no. 13 (Oct. 3, 1899).</subfield></datafield><datafield ind1=" " ind2=" " tag="752"><subfield code="a">United States</subfield><subfield code="b">Texas</subfield><subfield code="c">Potter</subfield><subfield code="d">Amarillo.</subfield></datafield></record>